@article{hoang2016fccf:,
title={FCCF: forecasting citywide crowd flows based on big data},
author={Hoang, Minh X and Zheng, Yu and Singh, Ambuj K},
journal={advances in geographic information systems},
pages={6},
year={2016}}
   
@article{ye2009mining,
title={Mining Individual Life Pattern Based on Location History},
author={Ye, Yang and Zheng, Yu and Chen, Yukun and Feng, Jianhua and Xie, Xing},
pages={1--10},
year={2009}}
    
@article{zheng2012an,
title={An unsupervised framework for sensing individual and cluster behavior patterns from human mobile data},
author={Zheng, Jiangchuan and Ni, Lionel M},
pages={153--162},
year={2012}}

@article{shang2014inferring,
title={Inferring gas consumption and pollution emission of vehicles throughout a city},
author={Shang, Jingbo and Zheng, Yu and Tong, Wenzhu and Chang, Eric and Yu, Yong},
pages={1027--1036},
year={2014}}
    
@article{wang2014travel,
title={Travel time estimation of a path using sparse trajectories},
author={Wang, Yilun and Zheng, Yu and Xue, Yexiang},
pages={25--34},
year={2014}}
    
@article{zheng2014urban,
title={Urban Computing: Concepts, Methodologies, and Applications},
author={Zheng, Yu and Capra, Licia and Wolfson, Ouri and Yang, Hai},
journal={ACM Transactions on Intelligent Systems and Technology},
volume={5},
number={3},
pages={38},
year={2014}}

@article{anderson1972more,
title={More Is Different.},
author={Anderson, Philip W},
journal={Science},
volume={177},
number={4047},
pages={393--396},
year={1972}}

@article{yuan2012discovering,
title={Discovering regions of different functions in a city using human mobility and POIs},
author={Yuan, Jing and Zheng, Yu and Xie, Xing},
pages={186--194},
year={2012}}

@article{Wang2011Computing,
  title={Computing with Spatial Trajectories},
  author={Wang-Chien Lee and John Krumm and Ke Deng and Kexin Xie and Kevin Zheng and Xiaofang Zhou and Goce Trajcevski and Chi-Yin Chow and Mohemad F. Mokbel and Hoyoung Jeung},
  journal={Computing with Spatial Trajectories},
  year={2011},
}

@article{Aggarwal2006Data,
  title={Data Streams: Models and Algorithms (Advances in Database Systems)},
  author={Aggarwal, Charu C},
  year={2006},
}

@article{hong2015detecting,
title={Detecting urban black holes based on human mobility data},
author={Hong, Liang and Zheng, Yu and Yung, Duncan and Shang, Jingbo and Zou, Lei},
journal={advances in geographic information systems},
pages={35},
year={2015}}

@article{angles2008survey,
title={Survey of graph database models},
author={Angles, Renzo and Gutierrez, Claudio},
journal={ACM Computing Surveys},
volume={40},
number={1},
pages={1--39},
year={2008}}

@inproceedings{Zheng2013U,
  title={U-Air:when urban air quality inference meets big data},
  author={Zheng, Yu and Liu, Furui and Hsieh, Hsun Ping},
  booktitle={ACM SIGKDD International Conference on Knowledge Discovery and Data Mining},
  pages={1436-1444},
  year={2013},
}

@article{yuan2012discovering,
title={Discovering regions of different functions in a city using human mobility and POIs},
author={Yuan, Jing and Zheng, Yu and Xie, Xing},
pages={186--194},
year={2012}}

@article{zheng2011urban,
title={Urban computing with taxicabs},
author={Zheng, Yu and Liu, Yanchi and Yuan, Jing and Xie, Xing},
pages={89--98},
year={2011}}

@article{goldberg1992using,
title={Using collaborative filtering to weave an information tapestry},
author={Goldberg, David and Nichols, David A and Oki, Brian M and Terry, Douglas B},
journal={Communications of The ACM},
volume={35},
number={12},
pages={61--70},
year={1992}}

@article{nakamura1998collaborative,
title={Collaborative Filtering Using Weighted Majority Prediction Algorithms},
author={Nakamura, Atsuyoshi and Abe, Naoki},
pages={395--403},
year={1998}}

@article{bro1997parafac.,
title={PARAFAC. Tutorial and applications},
author={Bro, Rasmus},
journal={Chemometrics and Intelligent Laboratory Systems},
volume={38},
number={2},
pages={149--171},
year={1997}}

@article{kolda2009tensor,
title={Tensor Decompositions and Applications},
author={Kolda, Tamara G and Bader, Brett W},
journal={Siam Review},
volume={51},
number={3},
pages={455--500},
year={2009}}

@article{nigam2000analyzing,
title={Analyzing the effectiveness and applicability of co-training},
author={Nigam, Kamal and Ghani, Rayid},
pages={86--93},
year={2000}}

@article{zhengyu2015,
  title={城市计算概述},
  author={郑宇},
  journal={武汉大学学报(信息科学版)},
  volume={40},
  number={1},
  pages={1-13},
  year={2015},
}

@article{whittle1966prediction,
title={Prediction and regulation by linear least-square methods},
author={Whittle, Peter},
journal={Journal of the American Statistical Association},
volume={61},
number={313},
pages={268},
year={1966}}

@article{Hannan1970Multiple,
  title={Multiple time series},
  author={Hannan, E. J},
  journal={John Wiley and Sons, Inc., New York-London-Sydney},
  year={1970},
}

@article{Zhang2016Deep,
  title={Deep Spatio-Temporal Residual Networks for Citywide Crowd Flows Prediction},
  author={Zhang, Junbo and Zheng, Yu and Qi, Dekang},
  year={2016},
}






    
    

    



    